@book{wakerly-1989,
	author = {given-i=JF, given={John F.}, family=Wakerly},
	date = {1989-12-01},
	number = {1},
	title = {Digital Design: Principles and Practices},
	url = {http://cds.cern.ch/record/592026},
}
@online{electronica-2019,
	author = {given-i=W, given=Wilaeba, family=Electronica},
	date = {2019-11-12},
	title = {Restador de dos n√∫meros de 4 bits},
	url = {https://wilaebaelectronica.blogspot.com/2017/01/restador-de-dos-numeros-de-4-bits.html?m=1},
}